@article{neal2003,
author = "Neal, Radford M.",
doi = "10.1214/aos/1056562461",
fjournal = "The Annals of Statistics",
journal = "Ann. Statist.",
month = "06",
number = "3",
pages = "705--767",
publisher = "The Institute of Mathematical Statistics",
title = "Slice sampling",
url = "http://dx.doi.org/10.1214/aos/1056562461",
volume = "31",
year = "2003"
}
